@article{
    seraphy,
    title={JavaFX8で簡単なアプリケーションを簡単に作る方法 - seraphyの日記},
    author={seraphy},
    note={\url{http://d.hatena.ne.jp/seraphy/20150411}}
}

@article{
    wikipedia,
    title={オセロにおけるビットボード - Wikipedia},
    note={\url{https://ja.wikipedia.org/wiki/%E3%82%AA%E3%82%BB%E3%83%AD%E3%81%AB%E3%81%8A%E3%81%91%E3%82%8B%E3%83%93%E3%83%83%E3%83%88%E3%83%9C%E3%83%BC%E3%83%89}}
}

